%% https://app.readcube.com/library/17d4bac1-acc7-47ce-ac22-46f617b93fc1/list/f95fe03d-ae7a-48a6-bf5f-52d7efc5f9f5
@article{DaSilva.2023,
 author = {{Da Silva}, Samuel Souza and Cardoso, Matheus and Nardo, Lucas and Nepomuceno, Erivelton and Hubner, Michael and Arias-Garcia, Janier},
 year = {2023},
 title = {A New Chaos-Based PRNG Hardware Architecture Using the HUB Fixed-Point Format},
 pages = {1--8},
 volume = {72},
 issn = {0018-9456},
 journal = {IEEE Transactions on Instrumentation and Measurement},
 doi = {10.1109/tim.2023.3235457},
 file = {:Attachments/:application/octet-stream}
}
@article{Alawida.2024,
 author = {Alawida, M.},
 year = {2024},
 title = {A Novel Image Encryption Algorithm Based on Cyclic Chaotic Map in Industrial IoT Environments},
 pages = {10530--10541},
 volume = {20},
 number = {8},
 journal = {IEEE Transactions on Industrial Informatics},
 doi = {10.1109/TII.2024.3395631},
 file = {:Attachments/:application/octet-stream}
}

@article{qsl,
    author = {},
}
@misc{picorv32,
  author = {YosysHQ},
  title = {PicoRV32 - A Size-Optimized RISC-V CPU},
  year = {2024},
  publisher = {GitHub},
  journal = {GitHub repository},
  url = {https://github.com/YosysHQ/picorv32}
}
@ARTICLE{Lin.2024,
  author={Lin, Hairong and Wang, Chunhua and Sun, Yichuang},
  journal={IEEE Transactions on Industrial Electronics}, 
  title={A Universal Variable Extension Method for Designing Multiscroll/Wing Chaotic Systems}, 
  year={2024},
  volume={71},
  number={7},
  pages={7806-7818},
  keywords={Chaotic communication;Design methodology;Mathematical models;Bifurcation;Stability analysis;Behavioral sciences;Thermal stability;Chaotic system;field-programmable gate array (FPGA) implementation;initial boosting behavior;multiscroll/wing chaotic attractors (MS/WCAs);pseudorandom number generator (PRNG)},
  doi={10.1109/TIE.2023.3299020}}

@article{2023nq9,
    author = {},
    title = {Computing Science, Communication and Security - 4th International Conference, COMS2 2023, Revised Selected Papers},
    journal = {Communications in Computer and Information Science},
    volume = {1861 CCIS},
    year = {2023},
    url = {https://www.scopus.com/inward/record.uri?e},
}

@article{691cc4ce,
    author = {},
    url = {https://ieeexplore.ieee.org/document/7123563},
}

@article{2024,
    author = {},
    title = {24th International Conference on Parallel and Distributed Computing, Applications and Technologies, PDCAT 2023},
    journal = {Lecture Notes in Electrical Engineering},
    volume = {1112 LNEE},
    year = {2024},
    url = {https://www.scopus.com/inward/record.uri?e},
}

@article{20238mb,
    author = {},
    title = {2023 IEEE Vehicular Networking Conference, VNC 2023},
    journal = {IEEE Vehicular Networking Conference, VNC},
    volume = {2023-April},
    year = {2023},
    url = {https://www.scopus.com/inward/record.uri?e},
}

@article{Abedini.2024,
    author = {Masih Abedini and Irfan Al-Anbagi},
    title = {Enhanced Active Eavesdroppers Detection System for Multihop WSNs in Tactical IoT Applications},
    journal = {IEEE Internet of Things Journal},
    pages = {6748–6760},
    volume = {11},
    year = {2024},
    doi = {10.1109/jiot.2023.3313048},
    url = {https://www.scopus.com/inward/record.uri?e},
}

@article{Adomako.2023,
    author = {Ernest Kwadwo Adomako and Abdul-Rahman Ahmed and Sani Mubarak Ellis and Justice Owusu Agyemang and Griffith Selorm Klogo},
    title = {Assessing the Feasibility of RF Fingerprinting for Security in Unmanned Aerial Vehicles},
    journal = {International Journal of Communication Networks and Information Security},
    pages = {101–113},
    volume = {15},
    year = {2023},
    doi = {10.17762/ijcnis.v15i2.6181},
    url = {https://www.scopus.com/inward/record.uri?e},
}

@article{Al-Haija.2022,
    author = {Qasem Abu Al-Haija and Ahmad Al Badawi},
    title = {High-performance intrusion detection system for networked UAVs via deep learning},
    journal = {Neural Computing and Applications},
    pages = {10885–10900},
    volume = {34},
    year = {2022},
    doi = {10.1007/s00521-022-07015-9},
    url = {https://www.scopus.com/inward/record.uri?e},
}

@article{Balan2020,
    author = {Alexandra Balan and Titus Balan and Marcian Cirstea and Florin Sandu},
    title = {A PUF-based cryptographic security solution for IoT systems on chip},
    journal = {EURASIP Journal on Wireless Communications and Networking},
    pages = {231},
    volume = {2020},
    year = {2020},
    doi = {10.1186/s13638-020-01839-6},
}

@article{Alexan.2024,
    author = {Wassim Alexan and Laila Aly and Yousef Korayem and Mohamed Gabr and Dina El-Damak and Abdallah Fathy and Hany A. A. Mansour},
    title = {Secure Communication of Military Reconnaissance Images Over UAV-Assisted Relay Networks},
    journal = {IEEE Access},
    pages = {78589–78610},
    volume = {12},
    year = {2024},
    doi = {10.1109/access.2024.3407838},
    url = {https://www.scopus.com/inward/record.uri?e},
}

@article{Ali.2024,
    author = {Ikram Ali and Jianqiang Li and Jie Chen and Yong Chen and Shamsher Ullah and Salabat Khan},
    title = {IOOSC-U2G: An Identity-Based Online/Offline Signcryption Scheme for Unmanned Aerial Vehicle to Ground Station Communication},
    journal = {IEEE Internet of Things Journal},
    pages = {1–1},
    year = {2024},
    doi = {10.1109/jiot.2024.3407767},
    url = {https://www.scopus.com/inward/record.uri?e},
}

@article{Alipour-Fanid.2020,
    author = {Amir Alipour-Fanid and Monireh Dabaghchian and Ning Wang and Pu Wang and Liang Zhao and Kai Zeng},
    title = {Machine Learning-Based Delay-Aware UAV Detection and Operation Mode Identification over Encrypted Wi-Fi Traffic},
    journal = {IEEE Transactions on Information Forensics and Security},
    pages = {2346–2360},
    volume = {15},
    year = {2020},
    doi = {10.1109/tifs.2019.2959899},
    url = {https://www.scopus.com/inward/record.uri?e},
}

@article{Alrefaei.2022,
    author = {Faisal Alrefaei and Abdullah Alzahrani and Houbing Song and Salma Alrefaei},
    title = {A Survey on the Jamming and Spoofing attacks on the Unmanned Aerial Vehicle Networks},
    journal = {2022 IEEE International IOT, Electronics and Mechatronics Conference, IEMTRONICS 2022},
    year = {2022},
    doi = {10.1109/iemtronics55184.2022.9795809},
    url = {https://www.scopus.com/inward/record.uri?e},
}

@article{Altaweel.2023,
    author = {Ala Altaweel and Hena Mukkath and Ibrahim Kamel},
    title = {GPS Spoofing Attacks in FANETs: A Systematic Literature Review},
    journal = {IEEE Access},
    pages = {55233–55280},
    volume = {11},
    year = {2023},
    doi = {10.1109/access.2023.3281731},
    url = {https://www.scopus.com/inward/record.uri?e},
}

@article{Assaf.2023,
    author = {Tasneem Assaf and Arafat Al-Dweik and Youssef Iraqi and Sobia Jangsher and Anshul Pandey and Jean-Pierre Giacalone and Enas E. Abulibdeh and Hani Saleh and Baker Mohammad},
    title = {High-Rate Secret Key Generation Using Physical Layer Security and Physical Unclonable Functions},
    journal = {IEEE Open Journal of the Communications Society},
    pages = {209–225},
    volume = {4},
    year = {2023},
    doi = {10.1109/ojcoms.2023.3234338},
    url = {https://www.scopus.com/inward/record.uri?e},
}

@article{Avila.2020,
    author = {Karen Avila and Daladier Jabba and Javier Gomez},
    title = {A nonlinear robust sliding mode controller with auxiliary dynamic system for the hovering flight of a tilt tri-rotor UAV},
    journal = {Applied Sciences (Switzerland)},
    volume = {10},
    year = {2020},
    doi = {10.3390/app10186472},
    url = {https://www.scopus.com/inward/record.uri?e},
}

@article{Bansal.2024,
    author = {Gaurang Bansal and Biplab Sikdar},
    title = {Achieving Secure and Reliable UAV Authentication: A Shamir's Secret Sharing Based Approach},
    journal = {IEEE Transactions on Network Science and Engineering},
    pages = {3598–3610},
    volume = {11},
    year = {2024},
    doi = {10.1109/tnse.2024.3381599},
    url = {https://www.scopus.com/inward/record.uri?e},
}

@article{Bansal.2022,
    author = {Gaurang Bansal and Biplab Sikdar},
    title = {Fault Resilient Authentication Architecture for Drone Networks},
    journal = {2022 IEEE International Conference on Communications Workshops, ICC Workshops 2022},
    pages = {866–871},
    year = {2022},
    doi = {10.1109/iccworkshops53468.2022.9814486},
    url = {https://www.scopus.com/inward/record.uri?e},
}

@article{Bansal.2022hx,
    author = {Gaurang Bansal and Naren and Vinay Chamola and Biplab Sikdar},
    title = {SHOTS: Scalable Secure Authentication-Attestation Protocol Using Optimal Trajectory in UAV Swarms},
    journal = {IEEE Transactions on Vehicular Technology},
    pages = {5827–5836},
    volume = {71},
    year = {2022},
    doi = {10.1109/tvt.2022.3162226},
    url = {https://www.scopus.com/inward/record.uri?e},
}

@article{Basan.2021,
    author = {Elena Basan and Olga Peskova and Maria Lapina},
    title = {Analysis of Communication Channels for the Organization of Control and Interaction of UAVs from the Security Viewpoint},
    journal = {CEUR Workshop Proceedings},
    pages = {17–23},
    volume = {3047},
    year = {2021},
    url = {https://www.scopus.com/inward/record.uri?e},
}

@book{Bassham.2010,
    author = {L E Bassham and A L Rukhin and J Soto and J R Nechvatal and M E Smid and E B Barker and S D Leigh and M Levenson and M Vangel and D L Banks and N A Heckert and J F Dray and S Vo},
    title = {A statistical test suite for random and pseudorandom number generators for cryptographic applications},
    year = {2010},
    doi = {10.6028/nist.sp.800-22r1a},
    publisher = {National Institute of Standards \textbackslash{}\& Technology},
}

@article{Bekmezci2013,
    author = {İlker Bekmezci and Ozgur Koray Sahingoz and Şamil Temel},
    title = {Flying Ad-Hoc Networks (FANETs): A survey},
    journal = {Ad Hoc Networks},
    pages = {1254--1270},
    volume = {11},
    year = {2013},
    doi = {10.1016/j.adhoc.2012.12.004},
}

@book{10.5555/2829193,
    author = {Matthieu Bloch and Joo Barros},
    title = {Physical-Layer Security: From Information Theory to Security Engineering},
    publisher = {Cambridge University Press},
}

@article{Cecchinato.2023,
    author = {Niccolo Cecchinato and Andrea Toma and Ivan Scagnetto and Carlo Drioli and Gian Luca Foresti},
    title = {An Integrated Monitoring System for Aerial Drones and Underwater ROVs},
    journal = {2023 IEEE International Workshop on Technologies for Defense and Security, TechDefense 2023 - Proceedings},
    pages = {187–191},
    year = {2023},
    doi = {10.1109/techdefense59795.2023.10380896},
    url = {https://www.scopus.com/inward/record.uri?e},
}

@article{Cecchinato.2023hyp,
    author = {Niccolo Cecchinato and Andrea Toma and Carlo Drioli and Giuseppe Oliva and Gianluigi Sechi and Gian Luca Foresti},
    title = {Secure Real-Time Multimedia Data Transmission from Low-Cost UAVs with A Lightweight AES Encryption},
    journal = {IEEE Communications Magazine},
    pages = {160–165},
    volume = {61},
    year = {2023},
    doi = {10.1109/mcom.001.2200611},
    url = {https://www.scopus.com/inward/record.uri?e},
}

@article{Cecchinato.2022,
    author = {Niccolò Cecchinato and Andrea Toma and Carlo Drioli and Giuseppe Oliva and Gianluigi Sechi and Gian Luca Foresti},
    title = {A Secure Real-time Multimedia Streaming through Robust and Lightweight AES Encryption in UAV Networks for Operational Scenarios in Military Domain},
    journal = {Procedia Computer Science},
    pages = {50–57},
    volume = {205},
    year = {2022},
    doi = {10.1016/j.procs.2022.09.006},
    url = {https://www.scopus.com/inward/record.uri?e},
}

@article{Chen.2022byg,
    author = {Yu-Jia Chen and Xiao-Chun Chen and Miao Pan},
    title = {Defense Against Machine Learning Based Attacks in Multi-UAV Networks: A Network Coding Based Approach},
    journal = {IEEE Transactions on Network Science and Engineering},
    pages = {2562–2578},
    volume = {9},
    year = {2022},
    doi = {10.1109/tnse.2022.3165971},
    url = {https://www.scopus.com/inward/record.uri?e},
}

@article{Dhakal.2023,
    author = {Raju Dhakal and Laxima Niure Kandel},
    title = {A Survey of Physical Layer-Aided UAV Security},
    journal = {Integrated Communications, Navigation and Surveillance Conference, ICNS},
    volume = {2023-April},
    year = {2023},
    doi = {10.1109/icns58246.2023.10124288},
    url = {https://www.scopus.com/inward/record.uri?e},
}

@article{Dong.2022,
    author = {Runze Dong and Buhong Wang and Dengguo Feng and Kunrui Cao and Jiwei Tian and Tianhao Cheng and Danyu Diao},
    title = {Physical Layer Security Transmission Technology of UAV Communication Networks; [无人机通信网络物理层安全传输技术]},
    journal = {Dianzi Yu Xinxi Xuebao/Journal of Electronics and Information Technology},
    pages = {803–814},
    volume = {44},
    year = {2022},
    doi = {10.11999/jeit211509},
    url = {https://www.scopus.com/inward/record.uri?e},
}

@inproceedings{ErzI2020IoTBased,
    author = {Haki Mehmet Erzİ and A. Aydin},
    title = {IoT Based Mobile Smart Home Surveillance Application},
    pages = {1--5},
    doi = {10.1109/ismsit50672.2020.9255303},
}

@article{Ever.2020,
    author = {Kirsal Ever and Yoney},
    title = {A secure authentication scheme framework for mobile-sinks used in the Internet of Drones applications},
    journal = {Computer Communications},
    pages = {143–149},
    volume = {155},
    year = {2020},
    doi = {10.1016/j.comcom.2020.03.009},
    url = {https://www.scopus.com/inward/record.uri?e},
}

@article{Faruk.2023,
    author = {Md. Omor Faruk and Joarder Jafor Sadique and Kanapathippillai Cumanan and Shaikh Enayet Ullah},
    title = {Orthogonal variable spreading factor encoded unmanned aerial vehicle-assisted nonorthogonal multiple access system with hybrid physical layer security},
    journal = {ETRI Journal},
    pages = {213–225},
    volume = {45},
    year = {2023},
    doi = {10.4218/etrij.2021-0292},
    url = {https://www.scopus.com/inward/record.uri?e},
}

@article{Gao.2023gi,
    author = {Zhenxu Gao and Wenjun Fan and Ruxue Luo},
    title = {QKD-based Secure Communication for UAV},
    journal = {APNOMS 2023 - 24th Asia-Pacific Network Operations and Management Symposium: Intelligent Management for Enabling the Digital Transformation},
    pages = {107–112},
    year = {2023},
    url = {https://www.scopus.com/inward/record.uri?e},
}

@article{Gemikonakli.2024,
    author = {Eser Gemikonakli and Yoney Kirsal Ever},
    title = {Machine learning algorithms for blockchain-based security mechanisms in UAVs: a review},
    journal = {Computational Intelligence and Blockchain in Complex Systems: System Security and Interdisciplinary Applications},
    pages = {187–197},
    year = {2024},
    doi = {10.1016/b978-0-443-13268-1.00004-2},
    url = {https://www.scopus.com/inward/record.uri?e},
}

@article{Guo.2024,
    author = {Zhenyang Guo and Jin Cao and Xinyi Wang and Yinghui Zhang and Ben Niu and Hui Li},
    title = {UAVA: Unmanned Aerial Vehicle Assisted Vehicular Authentication Scheme in Edge Computing Networks},
    journal = {IEEE Internet of Things Journal},
    pages = {22091–22106},
    volume = {11},
    year = {2024},
    doi = {10.1109/jiot.2024.3379556},
    url = {https://www.scopus.com/inward/record.uri?e},
}

@article{Gupta.2022,
    author = {Akshita Gupta and Sachin Kumar Gupta},
    title = {Flying through the secure fog: A complete study on UAV-Fog in heterogeneous networks},
    journal = {International Journal of Communication Systems},
    volume = {35},
    year = {2022},
    doi = {10.1002/dac.5237},
    url = {https://www.scopus.com/inward/record.uri?e},
}

@article{Gupta.2023muo,
    author = {Akshita Gupta and Sachin Kumar Gupta},
    title = {A Study on Secured Unmanned Aerial Vehicle-Based Fog Computing Networks},
    journal = {SAE International Journal of Connected and Automated Vehicles},
    volume = {7},
    year = {2023},
    doi = {10.4271/12-07-02-0011},
    url = {https://www.scopus.com/inward/record.uri?e},
}

@inproceedings{Gupta2019IoTBased,
    author = {A. Gupta and R. Johari},
    title = {IOT based Electrical Device Surveillance and Control System},
    pages = {1--5},
    doi = {10.1109/iot-siu.2019.8777342},
}

@article{Hassan.2022,
    author = {Aslinda Hassan and Muhammad Helmi Aqmar Mat Rawi and Mohd Zaki Mas'Ud and Maisarah Abu and Zahriladha Zakaria and Fatemeh Mansourkiaie},
    title = {QoS Performance Evaluation of IoT-based Virtual Private Network for UAV Video},
    journal = {Journal of Physics: Conference Series},
    volume = {2319},
    year = {2022},
    doi = {10.1088/1742-6596/2319/1/012022},
    url = {https://www.scopus.com/inward/record.uri?e},
}

@article{Hemmati2023,
    author = {Atefeh Hemmati and Mani Zarei and Alireza Souri},
    title = {UAV-based Internet of Vehicles: A systematic literature review},
    journal = {Intelligent Systems with Applications},
    pages = {200226},
    volume = {18},
    year = {2023},
    doi = {10.1016/j.iswa.2023.200226},
}

@article{Herring.1989,
    author = {C. Herring and J. I. Palmore},
    title = {Random number generators are chaotic},
    journal = {ACM SIGPLAN Notices},
    pages = {76--79},
    volume = {24},
    year = {1989},
    doi = {10.1145/71605.71608},
}

@article{Huang.2023o5j,
    author = {Yuyang Huang and Jian Mu and Yuzhen Wang and Renmin Zhao},
    title = {A Review of Authentication Methods in Internet of Drones},
    journal = {Proceedings - 2023 International Conference on Networking and Network Applications, NaNA 2023},
    pages = {7–12},
    year = {2023},
    doi = {10.1109/nana60121.2023.00009},
    url = {https://www.scopus.com/inward/record.uri?e},
}

@article{Huang.2023mre,
    author = {Jiawei Huang and Aimin Wang and Geng Sun and Jiahui Li},
    title = {Jamming-aided Maritime Physical Layer Encrypted Dual-UAVs Communications Exploiting Collaborative Beamforming},
    journal = {Proceedings of the 2023 26th International Conference on Computer Supported Cooperative Work in Design, CSCWD 2023},
    pages = {1142–1147},
    year = {2023},
    doi = {10.1109/cscwd57460.2023.10152552},
    url = {https://www.scopus.com/inward/record.uri?e},
}

@article{Jain.2022,
    author = {Deepak Kumar Jain and Yongfu Li and Meng Joo Er and Qin Xin and Deepak Gupta and K. Shankar},
    title = {Enabling Unmanned Aerial Vehicle Borne Secure Communication With Classification Framework for Industry 5.0},
    journal = {IEEE Transactions on Industrial Informatics},
    pages = {5477–5484},
    volume = {18},
    year = {2022},
    doi = {10.1109/tii.2021.3125732},
    url = {https://www.scopus.com/inward/record.uri?e},
}

@article{Jiang.2021,
    author = {Xu Jiang and Xinying Chen and Jie Tang and Nan Zhao and Xiu Yin Zhang and Dusit Niyato and Kai-Kit Wong},
    title = {Covert Communication in UAV-Assisted Air-Ground Networks},
    journal = {IEEE Wireless Communications},
    pages = {190–197},
    volume = {28},
    year = {2021},
    doi = {10.1109/mwc.001.2000454},
    url = {https://www.scopus.com/inward/record.uri?e},
}

@article{Kadhim2020,
    author = {Kadhim Takleef Kadhim and Ali M. Alsahlany and Salim Muhsin Wadi and Hussein T. Kadhum},
    title = {An Overview of Patient’s Health Status Monitoring System Based on Internet of Things (IoT)},
    journal = {Wireless Personal Communications},
    pages = {2235--2262},
    volume = {114},
    year = {2020},
    doi = {10.1007/s11277-020-07474-0},
}

@article{Karmakar.2024,
    author = {Raja Karmakar and Georges Kaddoum and Ouassima Akhrif},
    title = {A Blockchain-Based Distributed and Intelligent Clustering-Enabled Authentication Protocol for UAV Swarms},
    journal = {IEEE Transactions on Mobile Computing},
    pages = {6178–6195},
    volume = {23},
    year = {2024},
    doi = {10.1109/tmc.2023.3319544},
    url = {https://www.scopus.com/inward/record.uri?e},
}

@article{Kashyap2020,
    author = {Ramgopal Kashyap},
    title = {IoT and WSN Applications for Modern Agricultural Advancements},
    journal = {Advances in Wireless Technologies and Telecommunication},
    pages = {8--40},
    year = {2020},
    doi = {10.4018/978-1-5225-9004-0.ch002},
}

@article{Kayalvizhi.2021,
    author = {M. Kayalvizhi and S. Ramamoorthy},
    title = {Blockchain-based Secure Data Transmission for UAV Swarm using Modified Particle Swarm Optimization Path Planning Algorithm},
    journal = {International Journal of Advanced Computer Science and Applications},
    pages = {554–563},
    volume = {12},
    year = {2021},
    doi = {10.14569/ijacsa.2021.0121163},
    url = {https://www.scopus.com/inward/record.uri?e},
}

@article{Khalid.2023,
    author = {Haqi Khalid and Shaiful Jahari Hashim and Fazirulhisyam Hashim and Sharifah Mumtazah Syed Ahamed and Muhammad Akmal Chaudhary and Hamza H. M. Altarturi and Muntadher Saadoon},
    title = {HOOPOE: High Performance and Efficient Anonymous Handover Authentication Protocol for Flying out of Zone UAVs},
    journal = {IEEE Transactions on Vehicular Technology},
    pages = {10906–10920},
    volume = {72},
    year = {2023},
    doi = {10.1109/tvt.2023.3262173},
    url = {https://www.scopus.com/inward/record.uri?e},
}

@article{Khan2022IoTBased,
    author = {Mohammad Monirujjaman Khan and Turki M. Alanazi and A. Albraikan and Faris. A. Almalki},
    title = {IoT-Based Health Monitoring System Development and Analysis},
    journal = {Security and Communication Networks},
    year = {2022},
    doi = {10.1155/2022/9639195},
}

@article{Khan.2024,
    author = {Muhammad Asghar Khan and Insaf Ullah and Neeraj Kumar and Fatemeh Afghah and Gordana Barb and Fazal Noor and Saad Alqahtany},
    title = {A Certificate-Based Ring Signcryption Scheme for Securing UAV-Enabled Private Edge Computing Systems},
    journal = {IEEE Access},
    pages = {1–1},
    year = {2024},
    doi = {10.1109/access.2024.3409359},
    url = {https://www.scopus.com/inward/record.uri?e},
}

@article{Khan.2022,
    author = {Abdullah Ayub Khan and Asif Ali Laghari and Thippa Reddy Gadekallu and Zaffar Ahmed Shaikh and Abdul Rehman Javed and Mamoon Rashid and Vania V. Estrela and Alexey Mikhaylov},
    title = {A drone-based data management and optimization using metaheuristic algorithms and blockchain smart contracts in a secure fog environment},
    journal = {Computers and Electrical Engineering},
    volume = {102},
    year = {2022},
    doi = {10.1016/j.compeleceng.2022.108234},
    url = {https://www.scopus.com/inward/record.uri?e},
}

@article{Kumar.2021,
    author = {R. Lakshmana Kumar and Quoc-Viet Pham and Firoz Khan and Md. Jalil Piran and Kapal Dev},
    title = {Blockchain for securing aerial communications: Potentials, solutions, and research directions},
    journal = {Physical Communication},
    volume = {47},
    year = {2021},
    doi = {10.1016/j.phycom.2021.101390},
    url = {https://www.scopus.com/inward/record.uri?e},
}

@article{Kumari2022,
    author = {Kanchan Kumari and Shubham Pandey and Pritesh Kethele and Sankita Patel and Shweta Shah and Upena Dalal},
    title = {IoT Applications for Healthcare Systems},
    journal = {EAI/Springer Innovations in Communication and Computing},
    pages = {51--75},
    year = {2022},
    doi = {10.1007/978-3-030-91096-9_3},
}

@article{Lalouani.2023,
    author = {Wassila Lalouani},
    title = {Sec-PUF: Securing UAV Swarms Communication with Lightweight Physical Unclonable Functions},
    journal = {International Conference on Wireless and Mobile Computing, Networking and Communications},
    pages = {286–291},
    volume = {2023-June},
    year = {2023},
    doi = {10.1109/wimob58348.2023.10187758},
    url = {https://www.scopus.com/inward/record.uri?e},
}

@article{Li.2022hfi,
    author = {Teng Li and Jiawei Zhang and Mohammad S. Obaidat and Chi Lin and Yangxu Lin and Yulong Shen and Jianfeng Ma},
    title = {Energy-Efficient and Secure Communication Toward UAV Networks},
    journal = {IEEE Internet of Things Journal},
    pages = {10061–10076},
    volume = {9},
    year = {2022},
    doi = {10.1109/jiot.2021.3118079},
    url = {https://www.scopus.com/inward/record.uri?e},
}

@article{Li.2024,
    author = {Zhihao Li and Qi Chen and Jin Li and Jiahui Huang and Weichuan Mo and Duncan S. Wong and Hai Jiang},
    title = {A secure and efficient UAV network defense strategy: Convergence of blockchain and deep learning},
    journal = {Computer Standards and Interfaces},
    volume = {90},
    year = {2024},
    doi = {10.1016/j.csi.2024.103844},
    url = {https://www.scopus.com/inward/record.uri?e},
}

@article{Li.2022z7,
    author = {Ju Li and Fengjun Shang},
    title = {Investigation into the Reliability and Encryption Performance of Wireless Signal Transmission by Network Coding Combined with Blockchain in Natural Disaster Scenarios},
    journal = {Wireless Communications and Mobile Computing},
    volume = {2022},
    year = {2022},
    doi = {10.1155/2022/4188436},
    url = {https://www.scopus.com/inward/record.uri?e},
}

@article{Lima.2023,
    author = {Arthur M. Lima and Lucas G. Nardo and Erivelton Nepomuceno and Janier Arias-Garcia and Jones Yudi},
    title = {Design of an Advanced System-on-Chip Architecture for Chaotic Image Encryption},
    journal = {2023 36th SBC/SBMicro/IEEE/ACM Symposium on Integrated Circuits and Systems Design (SBCCI)},
    pages = {1--6},
    volume = {00},
    year = {2023},
    doi = {10.1109/sbcci60457.2023.10261963},
}

@article{Liu.202186p,
    author = {Yongxin Liu and Jian Wang and Yingjie Chen and Shuteng Niu and Zhihan Lv and Lei Wu and Dahai Liu and Houbing Song},
    title = {Blockchain Enabled Secure Authentication for Unmanned Aircraft Systems},
    journal = {2021 IEEE Globecom Workshops, GC Wkshps 2021 - Proceedings},
    year = {2021},
    doi = {10.1109/gcwkshps52748.2021.9682054},
    url = {https://www.scopus.com/inward/record.uri?e},
}

@article{Liu.20212zp,
    author = {Jue Liu and Weiwei Yang and Liwei Tao and Jun Liu and Qianqian Zhang},
    title = {Secure UAV Communication under Cooperative Adaptive Eavesdroppers with Incomplete Information},
    journal = {ACM International Conference Proceeding Series},
    pages = {82–88},
    year = {2021},
    doi = {10.1145/3483207.3483221},
    url = {https://www.scopus.com/inward/record.uri?e},
}

@article{Liu.20231bg,
    author = {Zhiquan Liu and Jingjing Guo and Feiran Huang and Donghong Cai and Yongdong Wu and Xin Chen and Kostromitin Konstantin Igorevich},
    title = {Lightweight Trustworthy Message Exchange in Unmanned Aerial Vehicle Networks},
    journal = {IEEE Transactions on Intelligent Transportation Systems},
    pages = {2144–2157},
    volume = {24},
    year = {2023},
    doi = {10.1109/tits.2021.3136304},
    url = {https://www.scopus.com/inward/record.uri?e},
}

@article{Liu.2024,
    author = {Zhixin Liu and Ben Zhu and Yuanai Xie and Kai Ma and Xinping Guan},
    title = {UAV-Aided Secure Communication With Imperfect Eavesdropper Location: Robust Design for Jamming Power and Trajectory},
    journal = {IEEE Transactions on Vehicular Technology},
    pages = {7276–7286},
    volume = {73},
    year = {2024},
    doi = {10.1109/tvt.2023.3347769},
    url = {https://www.scopus.com/inward/record.uri?e},
}

@article{Liu2016,
    author = {Yiliang Liu and Hsiao-Hwa Chen and Liangmin Wang},
    title = {Physical Layer Security for Next Generation Wireless Networks: Theories, Technologies, and Challenges},
    journal = {IEEE Communications Surveys \& Tutorials},
    pages = {347--376},
    volume = {19},
    year = {2016},
    doi = {10.1109/comst.2016.2598968},
}

@article{Madhuvanthi.2023,
    author = {T. Madhuvanthi and A. Revathi},
    title = {Survey on Current Developments in UAV Secure Communication Techniques and Protocols},
    journal = {2023 IEEE International Conference on Research Methodologies in Knowledge Management, Artificial Intelligence and Telecommunication Engineering, RMKMATE 2023},
    year = {2023},
    doi = {10.1109/rmkmate59243.2023.10369632},
    url = {https://www.scopus.com/inward/record.uri?e},
}

@article{Mahaveerakannan.2022,
    author = {R. Mahaveerakannan and C. Suresh Gnana Dhas},
    title = {Big data analytics for large-scale UAV-MBN in quantum networks using efficient hybrid GKM},
    journal = {Concurrency and Computation: Practice and Experience},
    volume = {34},
    year = {2022},
    doi = {10.1002/cpe.5559},
    url = {https://www.scopus.com/inward/record.uri?e},
}

@article{Majot2015,
    author = {Andy Majot and Roman Yampolskiy},
    title = {Global catastrophic risk and security implications of quantum computers},
    journal = {Futures},
    pages = {17--26},
    volume = {72},
    year = {2015},
    doi = {10.1016/j.futures.2015.02.006},
}

@article{Maksud.2022,
    author = {Ahmed Maksud and Yingbo Hua},
    title = {Physical Layer Encryption for UAV-to-Ground Communications},
    journal = {2022 IEEE International Conference on Communications Workshops, ICC Workshops 2022},
    pages = {1077–1082},
    year = {2022},
    doi = {10.1109/iccworkshops53468.2022.9814512},
    url = {https://www.scopus.com/inward/record.uri?e},
}

@article{Mallikarachchi.2024,
    author = {Dilshani Mallikarachchi and KokSheik Wong and Joanne Mun-Yee Lim},
    title = {A message verification scheme based on physical layer-enabled data hiding for flying ad hoc network},
    journal = {Multimedia Tools and Applications},
    year = {2024},
    doi = {10.1007/s11042-024-18342-5},
    url = {https://www.scopus.com/inward/record.uri?e},
}

@article{Maurer.2021,
    author = {Nils Maurer and Thomas Graupl and Corinna Schmitt and Gabi Dreo Rodosek},
    title = {PMAKE: Physical Unclonable Function-based Mutual Authentication Key Exchange Scheme for Digital Aeronautical Communications},
    journal = {Proceedings of the IM 2021 - 2021 IFIP/IEEE International Symposium on Integrated Network Management},
    pages = {206–214},
    year = {2021},
    url = {https://www.scopus.com/inward/record.uri?e},
}

@article{May.1976g0uk,
    author = {Robert M. May},
    title = {Simple mathematical models with very complicated dynamics},
    journal = {Nature},
    pages = {459--467},
    volume = {261},
    year = {1976},
    doi = {10.1038/261459a0},
}

@article{Motlagh2020IoTandEnergy,
    author = {Naser Hossein Motlagh and Mahsa Mohammadrezaei and J. Hunt and Behnam Zakeri},
    title = {Internet of Things (IoT) and the Energy Sector},
    journal = {Energies},
    volume = {13},
    year = {2020},
    doi = {10.3390/en13020494},
}

@article{Nardo.2023,
    author = {Lucas Nardo and Erivelton Nepomuceno and Daniel Muñoz and Denis Butusov and Janier Arias-Garcia},
    title = {A Hardware-Efficient Perturbation Method to the Digital Tent Map},
    journal = {Electronics},
    pages = {1953},
    volume = {12},
    year = {2023},
    doi = {10.3390/electronics12081953},
}

@article{Nardo.2019,
    author = {Lucas G. Nardo and Erivelton G. Nepomuceno and Janier Arias-Garcia and Denis N. Butusov},
    title = {Image encryption using finite-precision error},
    journal = {Chaos, Solitons \& Fractals},
    pages = {69--78},
    volume = {123},
    year = {2019},
    doi = {10.1016/j.chaos.2019.03.026},
}

@article{Nardo.2021,
    author = {Lucas G. Nardo and Erivelton G. Nepomuceno and Gustavo T. Bastos and Thiago A. Santos and Denis N. Butusov and Janier Arias-Garcia},
    title = {A reliable chaos-based cryptography using Galois field},
    journal = {Chaos: An Interdisciplinary Journal of Nonlinear Science},
    pages = {091101},
    volume = {31},
    year = {2021},
    doi = {10.1063/5.0061639},
}

@article{Nepomuceno.2019pzg,
    author = {Erivelton G. Nepomuceno and Arthur M. Lima and Janier Arias-García and Matjaž Perc and Robert Repnik},
    title = {Minimal digital chaotic system},
    journal = {Chaos, Solitons \& Fractals},
    pages = {62--66},
    volume = {120},
    year = {2019},
    doi = {10.1016/j.chaos.2019.01.019},
}
@article{Tutueva.2021,
 author = {Tutueva, Aleksandra V. and Karimov, Timur I. and Moysis, Lazaros and Nepomuceno, Erivelton G. and Volos, Christos and Butusov, Denis N.},
 year = {2021},
 title = {Improving chaos-based pseudo-random generators in finite-precision arithmetic},
 pages = {727--737},
 volume = {104},
 number = {1},
 issn = {0924-090X},
 journal = {Nonlinear Dynamics},
 doi = {10.1007/s11071-021-06246-0},
 file = {:Attachments/:application/octet-stream}
}
@article{Nepomuceno.2019,
 author = {Nepomuceno, Erivelton G. and Nardo, Lucas G. and Arias-Garcia, Janier and Butusov, Denis N. and Tutueva, Aleksandra},
 year = {2019},
 title = {Image encryption based on the pseudo-orbits from 1D chaotic map},
 volume = {29},
 number = {6},
 issn = {1054-1500},
 journal = {Chaos: An Interdisciplinary Journal of Nonlinear Science},
 doi = {10.1063/1.5099261},
 file = {:Attachments/:application/octet-stream}
}
@article{Singh.2023,
 author = {Singh, Anish Kumar and Chatterjee, Kakali and Singh, Ashish},
 year = {2023},
 title = {An Image Security Model Based on Chaos and DNA Cryptography for IIoT Images},
 pages = {1957--1964},
 volume = {19},
 number = {2},
 issn = {1551-3203},
 journal = {IEEE Transactions on Industrial Informatics},
 doi = {10.1109/TII.2022.3176054},
 file = {:Attachments/:application/octet-stream}
}

@article{Singh.2023b,
 author = {Singh, Kedar Nath and Singh, Amit Kumar},
 year = {2023},
 title = {An Improved Encryption--Compression-based Algorithm for Securing Digital Images},
 pages = {1--16},
 volume = {15},
 number = {2},
 issn = {1936-1955},
 journal = {Journal of Data and Information Quality},
 doi = {10.1145/3532783}
}
@article{Zhou.2023,
 author = {Zhou, Shuang and Wang, Xingyuan and Zhang, Yingqian},
 year = {2023},
 title = {Novel image encryption scheme based on chaotic signals with finite-precision error},
 pages = {782--798},
 volume = {621},
 issn = {00200255},
 journal = {Information Sciences},
 doi = {10.1016/j.ins.2022.11.104}
}

@article{Nguyen.2022,
 author = {Nguyen, Ngoc T. and Bui, Toan and Gagnon, Ghyslain and Giard, Pascal and Kaddoum, Georges},
 year = {2022},
 title = {Designing a Pseudorandom Bit Generator With a Novel Five-Dimensional-Hyperchaotic System},
 pages = {6101--6110},
 volume = {69},
 number = {6},
 issn = {0278-0046},
 journal = {IEEE Transactions on Industrial Electronics},
 doi = {10.1109/TIE.2021.3088330},
 file = {:Attachments/:application/octet-stream}
}

@article{Nepomuceno.2019b,
 author = {Nepomuceno, Erivelton G. and Lima, Arthur M. and Arias-Garc{\'i}a, Janier and Perc, Matja{\v{z}} and Repnik, Robert},
 year = {2019},
 title = {Minimal digital chaotic system},
 pages = {62--66},
 volume = {120},
 issn = {09600779},
 journal = {Chaos, Solitons {\&} Fractals},
 doi = {10.1016/j.chaos.2019.01.019}
}
@article{Nepomuceno.2016,
    author = {E. G. Nepomuceno and S. A. M. Martins},
    title = {A lower bound error for free-run simulation of the polynomial NARMAX},
    journal = {Systems Science \& Control Engineering},
    pages = {50--58},
    volume = {4},
    year = {2016},
    doi = {10.1080/21642583.2016.1163296},
}

@article{Tymochko.2021,
    author = {Oleksandr Tymochko and Maksim Pavlenko and Pavlo Open'Ko and Volodymyr Larin and Osiievskyi Serhii and Maksym Kasianenko},
    title = {Research of Providing the Video Information Protection using Wireless Technologies for Aerial Reconnaissance by Unmanned Aerial Vehicles},
    journal = {2021 IEEE 6th International Conference on Actual Problems of Unmanned Aerial Vehicles Development, APUAVD 2021 - Proceedings},
    pages = {49–52},
    year = {2021},
    doi = {10.1109/apuavd53804.2021.9615404},
    url = {https://www.scopus.com/inward/record.uri?e},
}

@article{Onuki2022,
    author = {Koshiro Onuki and Kenichiro Cho and Yoshihiko Horio and Takaya Miyano},
    title = {Secret-Key Exchange Through Synchronization of Randomized Chaotic Oscillators Aided by Logistic Hash Function},
    journal = {IEEE Transactions on Circuits and Systems I: Regular Papers},
    pages = {1655--1667},
    volume = {69},
    year = {2022},
    doi = {10.1109/tcsi.2022.3140762},
}

@article{Pan.2023,
    author = {Xiangyu Pan and Yuqiao Jin and Fagen Li},
    title = {An efficient heterogeneous authenticated key agreement scheme for unmanned aerial vehicles},
    journal = {Journal of Systems Architecture},
    volume = {136},
    year = {2023},
    doi = {10.1016/j.sysarc.2022.102821},
    url = {https://www.scopus.com/inward/record.uri?e},
}

@article{Pan.2022,
    author = {Xiangyu Pan and Yuqiao Jin and Ziqing Wang and Fagen Li},
    title = {A Pairing-Free Heterogeneous Signcryption Scheme for Unmanned Aerial Vehicles},
    journal = {IEEE Internet of Things Journal},
    pages = {19426–19437},
    volume = {9},
    year = {2022},
    doi = {10.1109/jiot.2022.3167102},
    url = {https://www.scopus.com/inward/record.uri?e},
}

@article{Pan.2024,
    author = {Xiangyu Pan and Fagen Li},
    title = {Heterogeneous Aggregate Signature for Unmanned Aerial Vehicles},
    journal = {Communications in Computer and Information Science},
    pages = {267–282},
    volume = {1992},
    year = {2024},
    doi = {10.1007/978-981-99-9331-4_18},
    url = {https://www.scopus.com/inward/record.uri?e},
}

@article{Papalos.2022,
    author = {Filippos Papalos and Nikos Bardis and Nikos Doukas},
    title = {Interception of Civilian Wi-Fi UAV Communication Protocols and Countermeasures},
    journal = {Proceedings of the 2022 IEEE 12th International Conference on Dependable Systems, Services and Technologies, DESSERT 2022},
    year = {2022},
    doi = {10.1109/dessert58054.2022.10018681},
    url = {https://www.scopus.com/inward/record.uri?e},
}

@article{Parvez.2021,
    author = {Sarker M Parvez and Farjana Jahan and Marie-Noel Brune and Julia F Gorman and Musarrat J Rahman and David Carpenter and Zahir Islam and Mahbubur Rahman and Nirupam Aich and Luke D Knibbs and Peter D Sly},
    title = {Health consequences of exposure to e-waste: an updated systematic review},
    journal = {The Lancet Planetary Health},
    pages = {e905-e920},
    volume = {5},
    year = {2021},
    doi = {10.1016/s2542-5196(21)00263-1},
}

@article{Prasad.2013,
    author = {Shyam Sundar Prasad and Chanakya Kumar},
    title = {A Green and Reliable Internet of Things},
    journal = {Communications and Network},
    pages = {44--48},
    volume = {05},
    year = {2013},
    doi = {10.4236/cn.2013.51b011},
}

@article{Prasad.2024,
    author = {Siyyadula Venkata Rama Vara Prasad and Pabitra Mohan Khilar},
    title = {SVM-SFL based malicious UAV detection in wireless sensor networks},
    journal = {Concurrency and Computation: Practice and Experience},
    volume = {36},
    year = {2024},
    doi = {10.1002/cpe.8049},
    url = {https://www.scopus.com/inward/record.uri?e},
}

@article{Pu.2020,
    author = {Cong Pu and Yucheng Li},
    title = {Lightweight Authentication Protocol for Unmanned Aerial Vehicles Using Physical Unclonable Function and Chaotic System},
    journal = {IEEE Workshop on Local and Metropolitan Area Networks},
    volume = {2020-July},
    year = {2020},
    doi = {10.1109/lanman49260.2020.9153239},
    url = {https://www.scopus.com/inward/record.uri?e},
}

@article{Qureshi.2022,
    author = {Kashif Naseer Qureshi and Adi Alhudhaif and Syed Wasim Haidar and Saqib Majeed and Gwanggil Jeon},
    title = {Secure data communication for wireless mobile nodes in intelligent transportation systems},
    journal = {Microprocessors and Microsystems},
    volume = {90},
    year = {2022},
    doi = {10.1016/j.micpro.2022.104501},
    url = {https://www.scopus.com/inward/record.uri?e},
}

@article{Haupt2020,
    author = {Randy L. Haupt},
    title = {Wireless Communications Systems},
    year = {2020},
    doi = {10.1002/9781119419204},
}

@article{Rahman.2024,
    author = {Khaista Rahman and Muhammad Asghar Khan and Fatemeh Afghah and Gordana Barb and Nisreen Innab and Tanveer Ahmed Cheema},
    title = {An Efficient Authentication and Access Control Protocol for Securing UAV Networks Against Anomaly-Based Intrusion},
    journal = {IEEE Access},
    pages = {62750–62764},
    volume = {12},
    year = {2024},
    doi = {10.1109/access.2024.3395494},
    url = {https://www.scopus.com/inward/record.uri?e},
}

@article{Raja.2021,
    author = {Gunasekaran Raja and Sudha Anbalagan and Aishwarya Ganapathisubramaniyan and Madhumitha Sri Selvakumar and Ali Kashif Bashir and Shahid Mumtaz},
    title = {Efficient and Secured Swarm Pattern Multi-UAV Communication},
    journal = {IEEE Transactions on Vehicular Technology},
    pages = {7050–7058},
    volume = {70},
    year = {2021},
    doi = {10.1109/tvt.2021.3082308},
    url = {https://www.scopus.com/inward/record.uri?e},
}

@article{Raja.2022,
    author = {Gunasekaran Raja and S. Sai Ganesh and Balaji Rajaguru Rajakumar and Sugeerthi Gurumoorthy and Kapal Dev and Maurizio Magarini},
    title = {Nexus of 6G and Blockchain for Authentication of Aerial and IoT Devices},
    journal = {IEEE International Conference on Communications},
    pages = {1–6},
    volume = {2022-May},
    year = {2022},
    doi = {10.1109/icc45855.2022.9838856},
    url = {https://www.scopus.com/inward/record.uri?e},
}

@article{Razmjoo2022SmartCities,
    author = {Armin Razmjoo and A. Gandomi and Maral Mahlooji and D. Astiaso Garcia and Seyedali Mirjalili and A. Rezvani and Sahar Ahmadzadeh and S. Memon},
    title = {An Investigation of the Policies and Crucial Sectors of Smart Cities Based on IoT Application},
    journal = {Applied Sciences},
    volume = {12},
    year = {2022},
    doi = {10.3390/app12052672},
}

@techreport{RTCA_DO377,
    author = {RTCA/DO-377},
    title = {Minimum Aviation System Performance Standards for C2 Link Systems},
    publisher = {RTCA, Inc.},
}

@standard{RTCA_DO366,
    author = {RTCA/DO-366},
    title = {Minimum Operational Performance Standards (MOPS) for Air-to-Air Radar for Traffic Surveillance},
    year = 2020,
    publisher = {RTCA, Inc.},
}

@misc{RTCA_DO362,
    author = {RTCA/DO-362},
    title = {Command and Control (C2) Data Link Minimum Operational Performance Standards (MOPS)},
    year = 2020,
    publisher = {RTCA, Inc.},
}

@misc{RTCA_DO365,
    author = {RTCA/DO-365},
    title = {Minimum Operational Performance Standards (MOPS) for Detect and Avoid (DAA) Systems},
    year= 2022,
    publisher = {RTCA, Inc.},
}

@inproceedings{Sekar2022Industrial,
    author = {R. A. Sekar and T. Prabakaran and A. Sudhakar and R. S. Kumar},
    title = {Industrial automation using IoT},
    doi = {10.1063/5.0074113},
}

@article{Shannon.1949,
    author = {C. E. Shannon},
    title = {Communication theory of secrecy systems},
    journal = {The Bell System Technical Journal},
    pages = {656--715},
    volume = {28},
    year = {1949},
    doi = {10.1002/j.1538-7305.1949.tb00928.x},
}

@article{Shannon1948,
    author = {C. E. Shannon},
    title = {A mathematical theory of communication},
    journal = {The Bell System Technical Journal},
    pages = {379--423},
    volume = {27},
    year = {1948},
    doi = {10.1002/j.1538-7305.1948.tb01338.x},
}

@article{Sharma.2022,
    author = {Himanshu Sharma and Neeraj Kumar and Rajkumar Tekchandani},
    title = {Physical layer security using beamforming techniques for 5G and beyond networks: A systematic review},
    journal = {Physical Communication},
    volume = {54},
    year = {2022},
    doi = {10.1016/j.phycom.2022.101791},
    url = {https://www.scopus.com/inward/record.uri?e},
}

@article{Sharma2023,
    author = {Jatin Sharma and Pawan Singh Mehra},
    title = {Secure communication in IOT-based UAV networks: A systematic survey},
    journal = {Internet of Things},
    pages = {100883},
    volume = {23},
    year = {2023},
    doi = {10.1016/j.iot.2023.100883},
}

@article{Sharma.2020,
    author = {Abhishek Sharma and Pankhuri Vanjani and Nikhil Paliwal and Chathuranga M.Wijerathna Basnayaka and Dushantha Nalin K. Jayakody and Hwang-Cheng Wang and P. Muthuchidambaranathan},
    title = {Communication and networking technologies for UAVs: A survey},
    journal = {Journal of Network and Computer Applications},
    volume = {168},
    year = {2020},
    doi = {10.1016/j.jnca.2020.102739},
    url = {https://www.scopus.com/inward/record.uri?e},
}

@article{Sharma.2023chb,
    author = {Jatin Sharma and Pawan Singh Mehra},
    title = {A Survey of Security Challenges and Existing Prevention Methods in FANET},
    journal = {Intelligent Data Analytics, IoT, and Blockchain},
    pages = {252–262},
    year = {2023},
    doi = {10.1201/9781003371380-24},
    url = {https://www.scopus.com/inward/record.uri?e},
}

@article{Silva.2023,
    author = {Samuel Souza da Silva and Matheus Cardoso and Lucas Nardo and Erivelton Nepomuceno and Michael Hübner and Janier Arias-Garcia},
    title = {A New Chaos-Based PRNG Hardware Architecture Using the HUB Fixed-Point Format},
    journal = {IEEE Transactions on Instrumentation and Measurement},
    pages = {1--8},
    volume = {72},
    year = {2023},
    doi = {10.1109/tim.2023.3235457},
}

@article{Silva.2021,
    author = {Bruno A. da Silva and Arthur M. Lima and Janier Arias-Garcia and Michael Huebner and Jones Yudi},
    title = {A Manycore Vision Processor for Real-Time Smart Cameras †},
    journal = {Sensors},
    pages = {7137},
    volume = {21},
    year = {2021},
    doi = {10.3390/s21217137},
    url = {http://dx.doi.org/10.3390/s21217137},
}

@inproceedings{Silva.2020,
    author = {Bruno Almeida da Silva and Arthur Mendes Lima and Jones Yudi},
    title = {A manycore vision processor architecture for embedded applications},
    journal = {2020 X Brazilian Symposium on Computing Systems Engineering (SBESC)},
    pages = {1--8},
    volume = {00},
    year = {2020},
    doi = {10.1109/sbesc51047.2020.9277867},
}

@article{Singh.2020,
    author = {Boby Singh and Nikita Singh and Akash Kaushish and Neha Gupta},
    title = {Optimizing IOT Drones using Cellular Networks},
    journal = {Proceedings - 2020 12th International Conference on Computational Intelligence and Communication Networks, CICN 2020},
    pages = {192–197},
    year = {2020},
    doi = {10.1109/cicn49253.2020.9242594},
    url = {https://www.scopus.com/inward/record.uri?e},
}

@article{Son.2023,
    author = {Seunghwan Son and Deokkyu Kwon and Sangwoo Lee and Yongsung Jeon and Ashok Kumar Das and Youngho Park},
    title = {Design of Secure and Lightweight Authentication Scheme for UAV-Enabled Intelligent Transportation Systems Using Blockchain and PUF},
    journal = {IEEE Access},
    pages = {60240–60253},
    volume = {11},
    year = {2023},
    doi = {10.1109/access.2023.3286016},
    url = {https://www.scopus.com/inward/record.uri?e},
}

@article{Tong.2024,
    author = {Ziheng Tong and Jingjing Wang and Xiangwang Hou and Chunxiao Jiang and Jianwei Liu},
    title = {UAV-Assisted Covert Federated Learning over mmWave Massive MIMO},
    journal = {IEEE Transactions on Wireless Communications},
    pages = {1–1},
    year = {2024},
    doi = {10.1109/twc.2024.3384957},
    url = {https://www.scopus.com/inward/record.uri?e},
}

@article{Ullah.2022,
    author = {Insaf Ullah and Muhammad Asghar Khan and Ako Muhammad Abdullah and Syed Agha Hassnain Mohsan and Fazal Noor and Fahad Algarni and Nisreen Innab},
    title = {A Conditional Privacy Preserving Generalized Ring Signcryption Scheme for Micro Aerial Vehicles},
    journal = {Micromachines},
    volume = {13},
    year = {2022},
    doi = {10.3390/mi13111926},
    url = {https://www.scopus.com/inward/record.uri?e},
}

@article{Urooj2021IoTBased,
    author = {S. Urooj and Fadwa M. Alrowais and Yuvaraja Teekaraman and H. Manoharan and Ramya Kuppusamy},
    title = {IoT Based Electric Vehicle Application Using Boosting Algorithm for Smart Cities},
    journal = {Energies},
    volume = {14},
    year = {2021},
    doi = {10.3390/en14041072},
}

@article{Wang.20239t,
    author = {Ruifei Wang and Jie Tang and Yuhao Shi and Hong Wen and Pin-Han Ho and Shih Yu Chang},
    title = {Deep Learning Based Adaptive Physical Layer Key Distribution},
    journal = {Proceedings - 2023 International Conference on Networks, Communications and Intelligent Computing, NCIC 2023},
    pages = {238–242},
    year = {2023},
    doi = {10.1109/ncic61838.2023.00046},
    url = {https://www.scopus.com/inward/record.uri?e},
}

@article{Wei.2024,
    author = {Zhuangkun Wei and Weisi Guo},
    title = {Control Layer Security: Exploiting Unobservable Cooperative States of Autonomous Systems for Secret Key Generation},
    journal = {IEEE Transactions on Mobile Computing},
    pages = {1–12},
    year = {2024},
    doi = {10.1109/tmc.2024.3369754},
    url = {https://www.scopus.com/inward/record.uri?e},
}

@article{Wyner1975,
    author = {A D Wyner},
    title = {The Wire-Tap Channel},
    journal = {Bell System Technical Journal},
    pages = {1355--1387},
    volume = {54},
    year = {1975},
    doi = {10.1002/j.1538-7305.1975.tb02040.x},
}

@article{Xiao.2022,
    author = {Hong Xiao and Jingkang Xia and Guangming Tang and Deqing Huang},
    title = {Design of encrypted secure wireless video real-time transmission and storage system based on 5G network},
    journal = {Proceedings of 2022 IEEE 11th Data Driven Control and Learning Systems Conference, DDCLS 2022},
    pages = {238–243},
    year = {2022},
    doi = {10.1109/ddcls55054.2022.9858430},
    url = {https://www.scopus.com/inward/record.uri?e},
}

@article{Xie2021,
    author = {Ning Xie and Zhuoyuan Li and Haijun Tan},
    title = {A Survey of Physical-Layer Authentication in Wireless Communications},
    journal = {IEEE Communications Surveys \& Tutorials},
    pages = {282--310},
    volume = {23},
    year = {2021},
    doi = {10.1109/comst.2020.3042188},
}

@article{Xu.2023hnj,
    author = {Fang Xu and Sajed Ahmad and Muhammad Naveed khan and Manzoor Ahmed and Salman Raza and Feroz Khan and Yi Ma and Wali Ullah Khan},
    title = {Beyond encryption: Exploring the potential of physical layer security in UAV networks},
    journal = {Journal of King Saud University - Computer and Information Sciences},
    volume = {35},
    year = {2023},
    doi = {10.1016/j.jksuci.2023.101717},
    url = {https://www.scopus.com/inward/record.uri?e},
}

@article{Yang.2021,
    author = {Bin Yang and Tarik Taleb and Yuanyuan Fan and Shikai Shen},
    title = {Mode Selection and Cooperative Jamming for Covert Communication in D2D Underlaid UAV Networks},
    journal = {IEEE Network},
    pages = {104–111},
    volume = {35},
    year = {2021},
    doi = {10.1109/mnet.011.2000100},
    url = {https://www.scopus.com/inward/record.uri?e},
}

@article{Yu.2024,
    author = {Kan Yu and Zhiyong Feng and Jiguo Yu and Ting Chen and Jinlin Peng and Dong Li},
    title = {Secure Ultra-Reliable and Low Latency Communication in UAV-Enabled NOMA Wireless Networks},
    journal = {IEEE Transactions on Vehicular Technology},
    pages = {1–14},
    year = {2024},
    doi = {10.1109/tvt.2024.3403099},
    url = {https://www.scopus.com/inward/record.uri?e},
}

@article{Yudi.2017,
    author = {Jones Yudi and Carlos Humberto Llanos and Michael Huebner},
    title = {System-level design space identification for Many-Core Vision Processors},
    journal = {Microprocessors and Microsystems},
    pages = {2--22},
    volume = {52},
    year = {2017},
    doi = {10.1016/j.micpro.2017.05.013},
    url = {https://www.sciencedirect.com/science/article/pii/S0141933117300571},
}

@article{Zhao.2024,
    author = {Xu Zhao and Tianhao Zhao and Feiyu Wang and Yichuan Wu and Maozhen Li},
    title = {SAC-based UAV mobile edge computing for energy minimization and secure data transmission},
    journal = {Ad Hoc Networks},
    volume = {157},
    year = {2024},
    doi = {10.1016/j.adhoc.2024.103435},
    url = {https://www.scopus.com/inward/record.uri?e},
}

@article{Zhao2020,
    author = {Lindong Zhao and Xuguang Zhang and Jianxin Chen and Liang Zhou},
    title = {Physical Layer Security in the Age of Artificial Intelligence and Edge Computing},
    journal = {IEEE Wireless Communications},
    pages = {174--180},
    volume = {27},
    year = {2020},
    doi = {10.1109/mwc.001.2000044},
}

@article{Zou2016,
    author = {Yulong Zou and Jia Zhu and Xianbin Wang and Lajos Hanzo},
    title = {A Survey on Wireless Security: Technical Challenges, Recent Advances, and Future Trends},
    journal = {Proceedings of the IEEE},
    pages = {1727--1765},
    volume = {104},
    year = {2016},
    doi = {10.1109/jproc.2016.2558521},
}
